<record><leader>00000cas a2200000 a 4500</leader><controlfield tag="001">12200644</controlfield><controlfield tag="008">850626d19011903ksudr ne      0    0eng d</controlfield><datafield ind1=" " ind2=" " tag="010"><subfield code="a">sn 85031362 </subfield></datafield><datafield ind1=" " ind2=" " tag="040"><subfield code="a">KSH</subfield><subfield code="b">eng</subfield><subfield code="c">KSH</subfield><subfield code="d">NPT</subfield><subfield code="d">OCL</subfield><subfield code="d">OCLCQ</subfield></datafield><datafield ind1=" " ind2=" " tag="042"><subfield code="a">msc</subfield></datafield><datafield ind1="0" ind2="0" tag="245"><subfield code="a">Cherryvale daily clarion.</subfield></datafield><datafield ind1="1" ind2="3" tag="246"><subfield code="a">Daily clarion</subfield><subfield code="f">June 15-Nov. 7, 1903</subfield></datafield><datafield ind1=" " ind2=" " tag="260"><subfield code="a">Cherryvale, Kan. :</subfield><subfield code="b">Clarion Pub. Co.,</subfield><subfield code="c">1901-1903.</subfield></datafield><datafield ind1=" " ind2=" " tag="300"><subfield code="a">4 v. :</subfield><subfield code="b">ill. ;</subfield><subfield code="c">59 cm.</subfield></datafield><datafield ind1=" " ind2=" " tag="310"><subfield code="a">Daily (except Sunday)</subfield></datafield><datafield ind1="0" ind2=" " tag="362"><subfield code="a">Vol. 3, no. 305 (July 1, 1901)-v. 6, no. 100 (Nov. 7, 1903).</subfield></datafield><datafield ind1=" " ind2=" " tag="500"><subfield code="a">Published by: L.I. Powell, Oct. 29, 1901-May 25, 1903; Purcell &amp; Barrows, June 1-Nov. 7, 1903.</subfield></datafield><datafield ind1=" " ind2=" " tag="580"><subfield code="a">Issued also in a weekly edition called: Cherryvale weekly clarion (Cherryvale, Kan. : 1901).</subfield></datafield><datafield ind1=" " ind2=" " tag="580"><subfield code="a">Merged with: Cherryvale republican (Cherryvale, Kan. : 1886) to form: Weekly republican (Cherryvale, Kan.) and: Daily republican and clarion.</subfield></datafield><datafield ind1=" " ind2=" " tag="588"><subfield code="a">Description based on: Vol. 3, no. 306 (July 1, 1901).</subfield></datafield><datafield ind1=" " ind2=" " tag="752"><subfield code="a">United States</subfield><subfield code="b">Kansas</subfield><subfield code="c">Montgomery</subfield><subfield code="d">Cherryvale.</subfield></datafield><datafield ind1="1" ind2=" " tag="775"><subfield code="t">Cherryvale weekly clarion (Cherryvale, Kan. : 1901)</subfield><subfield code="w">(DLC)sn 85031329</subfield></datafield><datafield ind1="0" ind2="0" tag="780"><subfield code="t">Cherryvale evening clarion</subfield><subfield code="w">(DLC)sn 85031348</subfield></datafield><datafield ind1="1" ind2="7" tag="785"><subfield code="t">Cherryvale republican (Cherryvale, Kan. : 1886)</subfield><subfield code="w">(DLC)sn 85031356</subfield></datafield><datafield ind1="1" ind2="7" tag="785"><subfield code="t">Daily republican and clarion</subfield><subfield code="w">(DLC)sn 85031350</subfield></datafield><datafield ind1="1" ind2="7" tag="785"><subfield code="t">Weekly republican (Cherryvale, Kan.)</subfield><subfield code="w">(DLC)sn 85031357</subfield></datafield></record>